@inproceedings{strens,
  author =	 "Strens, M.",
  title =	 "A Bayesian Framework for Reinforcement Learning",
  year =	 "2000",
  booktitle = 	 "International Conference on Machine Learning"
}
